@book{leutzbach1988,
    author = {Wilhelm Leutzbach},
    title = {Introduction to the Theory of Traffic Flow},
    volume = {204},
    publisher = {Springer\_Verlag Berlin Heidelberg},
    year = {1988}
}

@article{daganzo2002,
    author = {Carlos F. Daganzo},
    title = {A behavioral theory of multi-lane traffic flow part I: Long homogeneous freeway sections},
    journal = {Transportation Research Part B: Methodological},
    volume = {36},
    number = {2},
    pages = {131--158},
    year = {2002}
}

@article{sugiyama2008,
    author = {Y. Sugiyama and M. Fukui and M. Kikuchi and K. Hasebe and A. Nakayama and K. Nishinari and S. Tadaki and S. Yukawa},
    title = {Traffic jams without bottlenecksâ€”experimental evidence for the physical mechanism of the formation of a jam},
    journal = {New Journal of Physics},
    volume = {10},
    pages = {033001},
    year = {2008}
}

@inproceedings{lizbetin2017,
    author = {Jan Lizbetin and Ladislav Bartuska},
    title = {The influence of human factor on congestion formation on urban roads},
    booktitle = {Procedia engineering},
    volume = {187},
    pages = {206--211},
    year = {2017}
}

@article{siuhi2021,
    author = {Saidi Siuhi and M. Mamun and Judith Mwakalonge},
    title = {The significance of the posted minimum speed limits along interstate highways in south carolina on traffic operation and safety},
    journal = {Journal of Traffic and Transportation Engineering},
    year = {2021}
}

@inproceedings{teo2010,
    author = {Kenneth Tze Kin Teo and Wei Yeang Kow and YK Chin},
    title = {Optimization of traffic flow within an urban traffic light intersection with genetic algorithm},
    booktitle = {2010 Second International Conference on Computational Intelligence, Modelling and Simulation},
    pages = {172--177},
    publisher = {IEEE},
    year = {2010}
}
